<record><leader>00000cas a2200000 a 4500</leader><controlfield tag="001">11957154</controlfield><controlfield tag="008">850424d19061944ksudr ne      0    0eng d</controlfield><datafield ind1=" " ind2=" " tag="010"><subfield code="a">sn 85031185 </subfield></datafield><datafield ind1=" " ind2=" " tag="040"><subfield code="a">KSH</subfield><subfield code="b">eng</subfield><subfield code="c">KSH</subfield><subfield code="d">NPT</subfield><subfield code="d">OCL</subfield><subfield code="d">OCLCQ</subfield></datafield><datafield ind1=" " ind2=" " tag="042"><subfield code="a">msc</subfield></datafield><datafield ind1="0" ind2="4" tag="245"><subfield code="a">The Frankfort daily index.</subfield></datafield><datafield ind1=" " ind2=" " tag="260"><subfield code="a">Frankfort, Kan. :</subfield><subfield code="b">F.M. Hartman,</subfield><subfield code="c">-1944.</subfield></datafield><datafield ind1=" " ind2=" " tag="300"><subfield code="a">v. :</subfield><subfield code="b">ill. ;</subfield><subfield code="c">37-57 cm.</subfield></datafield><datafield ind1=" " ind2=" " tag="310"><subfield code="a">Daily (except Sunday)</subfield></datafield><datafield ind1="0" ind2=" " tag="362"><subfield code="a">-v. 46, no. 55 (Apr. 29, 1944).</subfield></datafield><datafield ind1="1" ind2=" " tag="362"><subfield code="a">Began with Feb. 26, 1906 issue.</subfield></datafield><datafield ind1=" " ind2=" " tag="500"><subfield code="a">Published by H.H. &amp; A.P. Hartman, Nov. 15, 1928-Apr. 29, 1944.</subfield></datafield><datafield ind1=" " ind2=" " tag="588"><subfield code="a">Description based on: Vol. 1, no. 2 (Feb. 27, 1906).</subfield></datafield><datafield ind1=" " ind2=" " tag="752"><subfield code="a">United States</subfield><subfield code="b">Kansas</subfield><subfield code="c">Marshall</subfield><subfield code="d">Frankfort.</subfield></datafield><datafield ind1="0" ind2="0" tag="785"><subfield code="t">Frankfort index</subfield><subfield code="w">(DLC)sn 85031184</subfield></datafield></record>